<?xml version="1.0" encoding="UTF-8"?>
<!--
  MOCK TALLY ERP 9 EXPORT
  Report: Day Book (Purchase Vouchers Only)
  Company: Mehta Textile Traders
  Period: 01-Oct-2024 to 31-Oct-2024

  PURCHASE SUMMARY:
  - Silk Mills Ltd        : ₹1,80,000 taxable | ₹21,600 GST | ✅ In GSTR-2B
  - Cotton Hub            : ₹95,000 taxable   | ₹11,400 GST | ✅ In GSTR-2B
  - Dye Masters Pvt Ltd   : ₹42,000 taxable   | ₹5,040 GST  | 🚨 NOT in GSTR-2B
  - Packaging Co          : ₹18,000 taxable   | ₹2,160 GST  | ✅ In GSTR-2B
  ──────────────────────────────────────────────────────────
  TOTAL ITC CLAIMED       : ₹41,280
  ITC CONFIRMED in GSTR-2B: ₹36,240
  ITC AT RISK (Dye Masters): ₹5,040
-->
<ENVELOPE>
  <HEADER>
    <TALLYREQUEST>Export</TALLYREQUEST>
    <TYPE>Data</TYPE>
    <SUBTYPE>Vouchers</SUBTYPE>
    <ID>Day Book</ID>
    <VERSION>1</VERSION>
    <STATUS>1</STATUS>
  </HEADER>

  <BODY>
    <EXPORTDATA>

      <!-- Purchase 1: Silk Mills Ltd — CLEAN, in GSTR-2B -->
      <TALLYMESSAGE>
        <VOUCHER VCHTYPE="Purchase" ACTION="Create">
          <DATE>20241003</DATE>
          <GUID>PVCH-001-OCT2024-MEHTA</GUID>
          <VOUCHERTYPENAME>Purchase</VOUCHERTYPENAME>
          <VOUCHERNUMBER>SM/2024/1102</VOUCHERNUMBER>
          <REFERENCE>SM/2024/1102</REFERENCE>
          <PARTYLEDGERNAME>Silk Mills Ltd</PARTYLEDGERNAME>

          <SUPPLIERGSTIN>24AABSM1111A1Z8</SUPPLIERGSTIN>
          <SUPPLIERNAME>Silk Mills Ltd</SUPPLIERNAME>
          <SUPPLIERADDRESS>Industrial Area, Phase 2, Surat</SUPPLIERADDRESS>

          <INVOICETOTALAMOUNT>201600.00</INVOICETOTALAMOUNT>
          <TAXABLEAMOUNT>180000.00</TAXABLEAMOUNT>

          <ALLLEDGERENTRIES.LIST>
            <LEDGERENTRY>
              <LEDGERNAME>Silk Mills Ltd</LEDGERNAME>
              <ISDEEMEDPOSITIVE>No</ISDEEMEDPOSITIVE>
              <AMOUNT>201600.00</AMOUNT>
              <ISPARTYLEDGER>Yes</ISPARTYLEDGER>
              <BILLALLOCATIONS.LIST>
                <BILLALLOCATION>
                  <n>SM/2024/1102</n>
                  <BILLTYPE>New Ref</BILLTYPE>
                  <AMOUNT>201600.00</AMOUNT>
                </BILLALLOCATION>
              </BILLALLOCATIONS.LIST>
            </LEDGERENTRY>
            <LEDGERENTRY>
              <LEDGERNAME>Purchase - Raw Fabric @12%</LEDGERNAME>
              <ISDEEMEDPOSITIVE>Yes</ISDEEMEDPOSITIVE>
              <AMOUNT>-180000.00</AMOUNT>
            </LEDGERENTRY>
            <LEDGERENTRY>
              <LEDGERNAME>CGST Input @6%</LEDGERNAME>
              <ISDEEMEDPOSITIVE>Yes</ISDEEMEDPOSITIVE>
              <AMOUNT>-10800.00</AMOUNT>
              <TAXTYPE>CGST</TAXTYPE>
              <TAXRATE>6</TAXRATE>
            </LEDGERENTRY>
            <LEDGERENTRY>
              <LEDGERNAME>SGST Input @6%</LEDGERNAME>
              <ISDEEMEDPOSITIVE>Yes</ISDEEMEDPOSITIVE>
              <AMOUNT>-10800.00</AMOUNT>
              <TAXTYPE>SGST</TAXTYPE>
              <TAXRATE>6</TAXRATE>
            </LEDGERENTRY>
          </ALLLEDGERENTRIES.LIST>

          <ALLINVENTORYENTRIES.LIST>
            <INVENTORYENTRY>
              <STOCKITEMNAME>Raw Silk Fabric - Dupioni 44 inch</STOCKITEMNAME>
              <RATE>60.00/Mtr</RATE>
              <AMOUNT>180000.00</AMOUNT>
              <ACTUALQTY>3000 Mtr</ACTUALQTY>
              <GSTDETAILS.LIST>
                <GSTDETAIL>
                  <HSNCODE>5007</HSNCODE>
                  <GSTRATE>12</GSTRATE>
                </GSTDETAIL>
              </GSTDETAILS.LIST>
            </INVENTORYENTRY>
          </ALLINVENTORYENTRIES.LIST>
        </VOUCHER>
      </TALLYMESSAGE>

      <!-- Purchase 2: Cotton Hub — CLEAN, in GSTR-2B -->
      <TALLYMESSAGE>
        <VOUCHER VCHTYPE="Purchase" ACTION="Create">
          <DATE>20241008</DATE>
          <GUID>PVCH-002-OCT2024-MEHTA</GUID>
          <VOUCHERTYPENAME>Purchase</VOUCHERTYPENAME>
          <VOUCHERNUMBER>CH/OCT/2024/456</VOUCHERNUMBER>
          <REFERENCE>CH/OCT/2024/456</REFERENCE>
          <PARTYLEDGERNAME>Cotton Hub</PARTYLEDGERNAME>

          <SUPPLIERGSTIN>24AABCH2222B1Z6</SUPPLIERGSTIN>
          <SUPPLIERNAME>Cotton Hub Traders</SUPPLIERNAME>
          <SUPPLIERADDRESS>Cotton Exchange, Ahmedabad</SUPPLIERADDRESS>

          <INVOICETOTALAMOUNT>106400.00</INVOICETOTALAMOUNT>
          <TAXABLEAMOUNT>95000.00</TAXABLEAMOUNT>

          <ALLLEDGERENTRIES.LIST>
            <LEDGERENTRY>
              <LEDGERNAME>Cotton Hub</LEDGERNAME>
              <ISDEEMEDPOSITIVE>No</ISDEEMEDPOSITIVE>
              <AMOUNT>106400.00</AMOUNT>
              <ISPARTYLEDGER>Yes</ISPARTYLEDGER>
            </LEDGERENTRY>
            <LEDGERENTRY>
              <LEDGERNAME>Purchase - Raw Fabric @12%</LEDGERNAME>
              <ISDEEMEDPOSITIVE>Yes</ISDEEMEDPOSITIVE>
              <AMOUNT>-95000.00</AMOUNT>
            </LEDGERENTRY>
            <LEDGERENTRY>
              <LEDGERNAME>CGST Input @6%</LEDGERNAME>
              <ISDEEMEDPOSITIVE>Yes</ISDEEMEDPOSITIVE>
              <AMOUNT>-5700.00</AMOUNT>
              <TAXTYPE>CGST</TAXTYPE>
            </LEDGERENTRY>
            <LEDGERENTRY>
              <LEDGERNAME>SGST Input @6%</LEDGERNAME>
              <ISDEEMEDPOSITIVE>Yes</ISDEEMEDPOSITIVE>
              <AMOUNT>-5700.00</AMOUNT>
              <TAXTYPE>SGST</TAXTYPE>
            </LEDGERENTRY>
          </ALLLEDGERENTRIES.LIST>

          <ALLINVENTORYENTRIES.LIST>
            <INVENTORYENTRY>
              <STOCKITEMNAME>Raw Cotton Bales Grade A</STOCKITEMNAME>
              <RATE>95.00/Kg</RATE>
              <AMOUNT>95000.00</AMOUNT>
              <ACTUALQTY>1000 Kg</ACTUALQTY>
              <GSTDETAILS.LIST>
                <GSTDETAIL>
                  <HSNCODE>5201</HSNCODE>
                  <GSTRATE>12</GSTRATE>
                </GSTDETAIL>
              </GSTDETAILS.LIST>
            </INVENTORYENTRY>
          </ALLINVENTORYENTRIES.LIST>
        </VOUCHER>
      </TALLYMESSAGE>

      <!-- Purchase 3: Dye Masters — 🚨 NOT IN GSTR-2B (ISSUE_002) -->
      <TALLYMESSAGE>
        <VOUCHER VCHTYPE="Purchase" ACTION="Create">
          <DATE>20241012</DATE>
          <GUID>PVCH-003-OCT2024-MEHTA</GUID>
          <VOUCHERTYPENAME>Purchase</VOUCHERTYPENAME>
          <!-- ⚠️ This invoice exists in Tally but ABSENT from GSTR-2B
               Reason: Dye Masters has NOT filed their October GSTR-1
               ITC of ₹5,040 is AT RISK — do not claim -->
          <VOUCHERNUMBER>DM/2024/387</VOUCHERNUMBER>
          <REFERENCE>DM/2024/387</REFERENCE>
          <PARTYLEDGERNAME>Dye Masters Pvt Ltd</PARTYLEDGERNAME>

          <SUPPLIERGSTIN>24AABDM5678E1Z2</SUPPLIERGSTIN>
          <SUPPLIERNAME>Dye Masters Pvt Ltd</SUPPLIERNAME>
          <SUPPLIERADDRESS>Dyeing Complex, Pandesara, Surat</SUPPLIERADDRESS>

          <INVOICETOTALAMOUNT>47040.00</INVOICETOTALAMOUNT>
          <TAXABLEAMOUNT>42000.00</TAXABLEAMOUNT>

          <ALLLEDGERENTRIES.LIST>
            <LEDGERENTRY>
              <LEDGERNAME>Dye Masters Pvt Ltd</LEDGERNAME>
              <ISDEEMEDPOSITIVE>No</ISDEEMEDPOSITIVE>
              <AMOUNT>47040.00</AMOUNT>
              <ISPARTYLEDGER>Yes</ISPARTYLEDGER>
            </LEDGERENTRY>
            <LEDGERENTRY>
              <LEDGERNAME>Purchase - Dyes &amp; Chemicals @12%</LEDGERNAME>
              <ISDEEMEDPOSITIVE>Yes</ISDEEMEDPOSITIVE>
              <AMOUNT>-42000.00</AMOUNT>
            </LEDGERENTRY>
            <LEDGERENTRY>
              <LEDGERNAME>CGST Input @6%</LEDGERNAME>
              <ISDEEMEDPOSITIVE>Yes</ISDEEMEDPOSITIVE>
              <AMOUNT>-2520.00</AMOUNT>
              <TAXTYPE>CGST</TAXTYPE>
            </LEDGERENTRY>
            <LEDGERENTRY>
              <LEDGERNAME>SGST Input @6%</LEDGERNAME>
              <ISDEEMEDPOSITIVE>Yes</ISDEEMEDPOSITIVE>
              <AMOUNT>-2520.00</AMOUNT>
              <TAXTYPE>SGST</TAXTYPE>
            </LEDGERENTRY>
          </ALLLEDGERENTRIES.LIST>

          <ALLINVENTORYENTRIES.LIST>
            <INVENTORYENTRY>
              <STOCKITEMNAME>Reactive Dyes - Red, Blue, Yellow assorted</STOCKITEMNAME>
              <RATE>420.00/Kg</RATE>
              <AMOUNT>42000.00</AMOUNT>
              <ACTUALQTY>100 Kg</ACTUALQTY>
              <GSTDETAILS.LIST>
                <GSTDETAIL>
                  <HSNCODE>3204</HSNCODE>
                  <GSTRATE>12</GSTRATE>
                </GSTDETAIL>
              </GSTDETAILS.LIST>
            </INVENTORYENTRY>
          </ALLINVENTORYENTRIES.LIST>
        </VOUCHER>
      </TALLYMESSAGE>

      <!-- Purchase 4: Packaging Co — CLEAN, in GSTR-2B -->
      <TALLYMESSAGE>
        <VOUCHER VCHTYPE="Purchase" ACTION="Create">
          <DATE>20241018</DATE>
          <GUID>PVCH-004-OCT2024-MEHTA</GUID>
          <VOUCHERTYPENAME>Purchase</VOUCHERTYPENAME>
          <VOUCHERNUMBER>PC/2024/789</VOUCHERNUMBER>
          <REFERENCE>PC/2024/789</REFERENCE>
          <PARTYLEDGERNAME>Packaging Co</PARTYLEDGERNAME>

          <SUPPLIERGSTIN>24AABPC3333C1Z4</SUPPLIERGSTIN>
          <SUPPLIERNAME>Packaging Co Surat</SUPPLIERNAME>
          <SUPPLIERADDRESS>Industrial Estate, Katargam, Surat</SUPPLIERADDRESS>

          <INVOICETOTALAMOUNT>20160.00</INVOICETOTALAMOUNT>
          <TAXABLEAMOUNT>18000.00</TAXABLEAMOUNT>

          <ALLLEDGERENTRIES.LIST>
            <LEDGERENTRY>
              <LEDGERNAME>Packaging Co</LEDGERNAME>
              <ISDEEMEDPOSITIVE>No</ISDEEMEDPOSITIVE>
              <AMOUNT>20160.00</AMOUNT>
              <ISPARTYLEDGER>Yes</ISPARTYLEDGER>
            </LEDGERENTRY>
            <LEDGERENTRY>
              <LEDGERNAME>Purchase - Packaging Material @12%</LEDGERNAME>
              <ISDEEMEDPOSITIVE>Yes</ISDEEMEDPOSITIVE>
              <AMOUNT>-18000.00</AMOUNT>
            </LEDGERENTRY>
            <LEDGERENTRY>
              <LEDGERNAME>CGST Input @6%</LEDGERNAME>
              <ISDEEMEDPOSITIVE>Yes</ISDEEMEDPOSITIVE>
              <AMOUNT>-1080.00</AMOUNT>
              <TAXTYPE>CGST</TAXTYPE>
            </LEDGERENTRY>
            <LEDGERENTRY>
              <LEDGERNAME>SGST Input @6%</LEDGERNAME>
              <ISDEEMEDPOSITIVE>Yes</ISDEEMEDPOSITIVE>
              <AMOUNT>-1080.00</AMOUNT>
              <TAXTYPE>SGST</TAXTYPE>
            </LEDGERENTRY>
          </ALLLEDGERENTRIES.LIST>
        </VOUCHER>
      </TALLYMESSAGE>

    </EXPORTDATA>
  </BODY>
</ENVELOPE>
